<record><leader>00000cas a22000007a 4500</leader><controlfield tag="001">13769311</controlfield><controlfield tag="008">860624d18291833pauwr ne      0    0eng d</controlfield><datafield ind1=" " ind2=" " tag="010"><subfield code="a">sn 86081670 </subfield></datafield><datafield ind1=" " ind2=" " tag="040"><subfield code="a">NPH</subfield><subfield code="b">eng</subfield><subfield code="c">NPH</subfield><subfield code="d">NPX</subfield><subfield code="d">OCLCQ</subfield></datafield><datafield ind1=" " ind2=" " tag="042"><subfield code="a">msc</subfield></datafield><datafield ind1="0" ind2="4" tag="245"><subfield code="a">The Lycoming chronicle and West Branch courier.</subfield></datafield><datafield ind1="1" ind2="3" tag="246"><subfield code="a">Chronicle and courier</subfield></datafield><datafield ind1="1" ind2="3" tag="246"><subfield code="a">Chronicle &amp; courier</subfield></datafield><datafield ind1="1" ind2="3" tag="246"><subfield code="a">Chronicle</subfield></datafield><datafield ind1=" " ind2=" " tag="260"><subfield code="a">Williamsport, Pa. :</subfield><subfield code="b">A.B. Cummings,</subfield><subfield code="c">1829-1833.</subfield></datafield><datafield ind1=" " ind2=" " tag="300"><subfield code="a">4 v. ;</subfield><subfield code="c">52 cm.</subfield></datafield><datafield ind1=" " ind2=" " tag="310"><subfield code="a">Weekly</subfield></datafield><datafield ind1="0" ind2=" " tag="362"><subfield code="a">Vol. 1, no. 1 (Sept. 26, 1829)-v. 4, no. 13 (Jan. 9, 1833).</subfield></datafield><datafield ind1=" " ind2=" " tag="752"><subfield code="a">United States</subfield><subfield code="b">Pennsylvania</subfield><subfield code="c">Lycoming</subfield><subfield code="d">Williamsport.</subfield></datafield><datafield ind1="0" ind2="0" tag="780"><subfield code="t">West Branch courier</subfield><subfield code="w">(DLC)sn 86081486</subfield></datafield><datafield ind1="0" ind2="0" tag="785"><subfield code="t">Lycoming chronicle (Williamsport, Pa. : 1833)</subfield><subfield code="w">(DLC)sn 86081669</subfield></datafield></record>